<collection xmlns="http://www.loc.gov/MARC21/slim">
<record>
  <leader>00992nam0a22002411i 450 </leader>
  <controlfield tag="001">IT\ICCU\CNCE\050813</controlfield>
  <controlfield tag="005">20130208000000.0</controlfield>
  <datafield tag="100" ind1=" " ind2=" ">
    <subfield code="a">20000502d1540        0itac0103    ba</subfield>
  </datafield>
  <datafield tag="101" ind1=" " ind2=" ">
    <subfield code="a">ITA</subfield>
  </datafield>
  <datafield tag="102" ind1=" " ind2=" ">
    <subfield code="a">IT</subfield>
  </datafield>
  <datafield tag="200" ind1="1" ind2=" ">
    <subfield code="a">Compendio delle historie del regno di Napoli composto da messer Pandolfo Collenucio ...</subfield>
  </datafield>
  <datafield tag="210" ind1=" " ind2=" ">
    <subfield code="a">In Napoli</subfield>
    <subfield code="d">1540</subfield>
  </datafield>
  <datafield tag="215" ind1=" " ind2=" ">
    <subfield code="a">\4!, 196 c.</subfield>
    <subfield code="d">8ʻ</subfield>
  </datafield>
  <datafield tag="300" ind1=" " ind2=" ">
    <subfield code="a">ANNULLATA  ̈il cnce 12774</subfield>
  </datafield>
  <datafield tag="620" ind1=" " ind2=" ">
    <subfield code="a">IT</subfield>
    <subfield code="d">Napoli</subfield>
  </datafield>
  <datafield tag="700" ind1=" " ind2="1">
    <subfield code="a">Collenuccio,</subfield>
    <subfield code="b">Pandolfo</subfield>
    <subfield code="3">IT\ICCU\CNCA\003388</subfield>
  </datafield>
  <datafield tag="712" ind1="0" ind2="2">
    <subfield code="a">s.n.</subfield>
    <subfield code="3">IT\ICCU\CNCT\000002</subfield>
    <subfield code="4">650</subfield>
  </datafield>
  <datafield tag="790" ind1=" " ind2="1">
    <subfield code="a">Coldonese,</subfield>
    <subfield code="b">Pandolfo</subfield>
    <subfield code="3">IT\ICCU\CNCA\008267</subfield>
    <subfield code="z">Collenuccio, Pandolfo</subfield>
  </datafield>
  <datafield tag="790" ind1=" " ind2="1">
    <subfield code="a">Collenuccius,</subfield>
    <subfield code="b">Pandulphus : Pisaurensis</subfield>
    <subfield code="3">IT\ICCU\CNCA\013250</subfield>
    <subfield code="z">Collenuccio, Pandolfo</subfield>
  </datafield>
  <datafield tag="790" ind1=" " ind2="1">
    <subfield code="a">Collenutius,</subfield>
    <subfield code="b">Pandolphus</subfield>
    <subfield code="3">IT\ICCU\CNCA\013251</subfield>
    <subfield code="z">Collenuccio, Pandolfo</subfield>
  </datafield>
  <datafield tag="790" ind1=" " ind2="0">
    <subfield code="a">Pandolfo</subfield>
    <subfield code="c"> : da#Pesaro</subfield>
    <subfield code="3">IT\ICCU\CNCA\013252</subfield>
    <subfield code="z">Collenuccio, Pandolfo</subfield>
  </datafield>
  <datafield tag="790" ind1=" " ind2="1">
    <subfield code="a">Collenucius,</subfield>
    <subfield code="b">Pandulphus</subfield>
    <subfield code="3">IT\ICCU\CNCA\013253</subfield>
    <subfield code="z">Collenuccio, Pandolfo</subfield>
  </datafield>
  <datafield tag="801" ind1=" " ind2="3">
    <subfield code="a">IT</subfield>
    <subfield code="b">ICCU</subfield>
    <subfield code="c">20201115</subfield>
  </datafield>
</record>
</collection>
